<record xmlns="http://www.loc.gov/MARC21/slim" xmlns:xsi="http://www.w3.org/2001/XMLSchema-instance" xsi:schemaLocation="http://www.loc.gov/MARC21/slim http://www.loc.gov/standards/marcxml/schema/MARC21slim.xsd"><leader>     nam a22        4500</leader><controlfield tag="001">4430527</controlfield><controlfield tag="003">NIC</controlfield><controlfield tag="006">m        d        </controlfield><controlfield tag="007">cr cn |||m|||a</controlfield><controlfield tag="008">150323s1961    iq      o     000 0carard</controlfield><datafield ind1=" " ind2=" " tag="040"><subfield code="a">NNU</subfield><subfield code="b">eng</subfield><subfield code="e">rda</subfield><subfield code="c">NNU</subfield></datafield><datafield ind1=" " ind2="4" tag="050"><subfield code="a">BP192.2</subfield><subfield code="b">.T18 1961</subfield></datafield><datafield ind1="1" ind2=" " tag="100"><subfield code="6">880-01</subfield><subfield code="a">T&#803;a&#772;shkubri&#772;&#697;za&#772;dah, Ah&#803;mad ibn Mus&#803;t&#803;afa&#769;,</subfield><subfield code="d">1495-1561.</subfield></datafield><datafield ind1="1" ind2="0" tag="245"><subfield code="6">880-02</subfield><subfield code="a">T&#803;abaqa&#772;t al-fuqaha&#772;&#700; /</subfield><subfield code="c">li-T&#803;a&#772;sh Kubri&#772; Za&#772;dah ; &#699;an naskhah makht&#803;u&#772;t&#803;ah wujidat fi&#772; Maktabat al-Markazi&#772;yah fi&#772; al-Mu&#772;s&#803;il ; nashara ha&#772;dha&#772; al-kita&#772;b ba&#699;da tanqi&#772;h&#803;ih wa-ta&#699;li&#772;q h&#803;awa&#772;shi&#772;h wa-tas&#803;di&#772;rih al-h&#803;a&#772;jj Ah&#803;mad Ni&#772;lah.</subfield></datafield><datafield ind1="1" ind2="4" tag="246"><subfield code="a">Tabqat al-fouqaha, Moulana Tash Kopri Zada</subfield></datafield><datafield ind1=" " ind2=" " tag="250"><subfield code="6">880-03</subfield><subfield code="a">al-T&#803;ab&#699;ah 2.</subfield></datafield><datafield ind1=" " ind2=" " tag="260"><subfield code="6">880-04</subfield><subfield code="a">al-Mu&#772;s&#803;il :</subfield><subfield code="b">Mat&#803;ba&#699;at al-Zahra&#772;&#700; al-H&#803;adi&#772;thah,</subfield><subfield code="c">1961.</subfield></datafield><datafield ind1=" " ind2=" " tag="300"><subfield code="a">online resource (136 pages)</subfield></datafield><datafield ind1=" " ind2=" " tag="336"><subfield code="a">text</subfield><subfield code="2">rdacontent</subfield></datafield><datafield ind1=" " ind2=" " tag="337"><subfield code="a">computer</subfield><subfield code="2">rdamedia</subfield></datafield><datafield ind1=" " ind2=" " tag="338"><subfield code="a">online resource</subfield><subfield code="2">rdacarrier</subfield></datafield><datafield ind1=" " ind2=" " tag="500"><subfield code="a">Part of the Arabic Collections Online (ACO) project, contributed by Cornell University Libraries.</subfield></datafield><datafield ind1=" " ind2=" " tag="533"><subfield code="a">Electronic reproduction.</subfield><subfield code="b">New York, N.Y. :</subfield><subfield code="c">New York University,</subfield><subfield code="d">2015.</subfield><subfield code="5">NNU</subfield></datafield><datafield ind1=" " ind2="0" tag="650"><subfield code="a">Hanafites</subfield><subfield code="v">Biography.</subfield></datafield><datafield ind1=" " ind2="7" tag="650"><subfield code="a">Hanafites.</subfield><subfield code="2">fast</subfield><subfield code="0">(OCoLC)fst00950818</subfield></datafield><datafield ind1=" " ind2="7" tag="655"><subfield code="a">Biography.</subfield><subfield code="2">fast</subfield><subfield code="0">(OCoLC)fst01423686</subfield></datafield><datafield ind1="1" ind2=" " tag="700"><subfield code="6">880-05</subfield><subfield code="a">Ni&#772;lah, Ah&#803;mad.</subfield></datafield><datafield ind1="2" ind2=" " tag="710"><subfield code="a">Cornell University.</subfield><subfield code="b">Libraries.</subfield></datafield><datafield ind1="0" ind2=" " tag="730"><subfield code="a">Arabic Collections Online.</subfield></datafield><datafield ind1="0" ind2="8" tag="776"><subfield code="i">Online version:</subfield><subfield code="a">T&#803;a&#772;shkubri&#772;-za&#772;dah, Ah&#803;mad ibn Mus&#803;t&#803;afa&#769;, 1495-1561.</subfield><subfield code="t">T&#803;abaqa&#772;t al-fuqaha&#772;&#700; / li-T&#803;a&#772;shkubri-za&#772;dah ; nashr hadha&#772; al-kita&#772;b ba&#699;da tanqi&#772;h&#803;ihi wa-ta&#699;li&#772;qi h&#803;awa&#772;shi&#772;hi wa-tas&#803;di&#772;rihi.</subfield><subfield code="b">al-t&#803;ab&#699;ah 2.</subfield><subfield code="d">al-Maus&#803;il : Mat&#803;ba&#699;at al-Zahra&#772;&#700;, 1961</subfield><subfield code="w">(OCoLC)608941965</subfield></datafield><datafield ind1="0" ind2="8" tag="776"><subfield code="i">Print version:</subfield><subfield code="a">T&#803;a&#772;shkubri&#772;&#697;za&#772;dah, Ah&#803;mad ibn Mus&#803;t&#803;afa&#769;, 1495-1561.</subfield><subfield code="t">T&#803;abaqa&#772;t al-fuqaha&#772;&#700;</subfield><subfield code="w">(NIC)4430527</subfield><subfield code="w">(OCoLC)23491833</subfield></datafield><datafield ind1="4" ind2="0" tag="856"><subfield code="u">http://hdl.handle.net/2333.1/3xsj3x63</subfield></datafield><datafield ind1="1" ind2=" " tag="880"><subfield code="6">100-01</subfield><subfield code="a">&#1591;&#1575;&#1588;&#1603;&#1576;&#1585;&#1610;&#1586;&#1575;&#1583;&#1577;&#1548; &#1575;&#1581;&#1605;&#1583; &#1576;&#1606; &#1605;&#1589;&#1591;&#1601;&#1609;&#1548;,</subfield><subfield code="d">1495-1561.</subfield></datafield><datafield ind1="1" ind2="0" tag="880"><subfield code="6">245-02</subfield><subfield code="a">&#1591;&#1576;&#1602;&#1575;&#1578; &#1575;&#1604;&#1601;&#1602;&#1607;&#1575;&#1569; /</subfield><subfield code="c">&#1604;&#1591;&#1575;&#1588; &#1603;&#1576;&#1585;&#1610; &#1586;&#1575;&#1583;&#1577; &#1563; &#1593;&#1606; &#1606;&#1587;&#1582;&#1577; &#1605;&#1582;&#1591;&#1608;&#1591;&#1577; &#1608;&#1580;&#1583;&#1577; &#1601;&#1610; &#1605;&#1603;&#1578;&#1576;&#1577; &#1575;&#1604;&#1605;&#1585;&#1603;&#1586;&#1610;&#1577; &#1601;&#1610; &#1575;&#1604;&#1605;&#1608;&#1589;&#1604; &#1563; &#1606;&#1588;&#1585; &#1607;&#1584;&#1607; &#1575;&#1604;&#1603;&#1578;&#1575;&#1576; &#1576;&#1593;&#1583; &#1578;&#1606;&#1602;&#1610;&#1581;&#1607; &#1608;&#1578;&#1593;&#1604;&#1610;&#1602; &#1581;&#1608;&#1575;&#1588;&#1610;&#1607; &#1608;&#1578;&#1589;&#1583;&#1610;&#1585;&#1607; &#1575;&#1604;&#1581;&#1575;&#1580; &#1575;&#1581;&#1605;&#1583; &#1606;&#1610;&#1604;&#1577;.</subfield></datafield><datafield ind1=" " ind2=" " tag="880"><subfield code="6">250-03</subfield><subfield code="a">&#1575;&#1604;&#1591;&#1576;&#1593;&#1577; 2.</subfield></datafield><datafield ind1=" " ind2=" " tag="880"><subfield code="6">260-04</subfield><subfield code="a">&#1575;&#1604;&#1605;&#1608;&#1589;&#1604; :</subfield><subfield code="b">&#1605;&#1591;&#1576;&#1593;&#1577; &#1575;&#1604;&#1586;&#1607;&#1585;&#1575;&#1569; &#1575;&#1604;&#1581;&#1583;&#1610;&#1579;&#1577;&#1548;</subfield><subfield code="c">1961.</subfield></datafield><datafield ind1="1" ind2=" " tag="880"><subfield code="6">700-05</subfield><subfield code="a">&#1606;&#1610;&#1604;&#1577;&#1548; &#1575;&#1581;&#1605;&#1583;.</subfield></datafield><datafield ind1=" " ind2=" " tag="959"><subfield code="a">NNU</subfield><subfield code="b">WEB</subfield><subfield code="c">GENI</subfield><subfield code="t">0</subfield><subfield code="m">Electronic access</subfield><subfield code="s">01</subfield></datafield><datafield ind1=" " ind2=" " tag="999"><subfield code="i">NIC_4430527</subfield><subfield code="o">(OCoLC)ocm23491833</subfield><subfield code="s">cornell_aco000286</subfield><subfield code="e">(ERROR-880)</subfield><subfield code="s">cornell_aco000286</subfield></datafield></record>